@book{a_lloyd_2009, 
	place={London}, 
	title={{B}attle in {A}ntiquity}, 
	publisher={The Classical Press of Wales}, 
	author={Lloyd, Alan B. and Gilliver, Catherine}, 
	year={2009}
}

@book{burn_1984, 
	place={Stanford, CA}, 
	title={{P}ersia and the {G}reeks: the {D}efence of the {W}est, c. 546-478 {B}.{C}.}, 
	publisher={Stanford University Press}, 
	author={Burn, A. R.}, 
	year={1984}
}

@book{cawkwell_2005, 
	title={{G}reek {W}ars: {T}he {F}ailure of {P}ersia}, 
	publisher={Oxford University Press}, 
	author={Cawkwell, George}, 
	year={2005}
}

@book{brice_2012, 
	place={Santa Barbara (Calif.)},
	title={{G}reek {W}arfare from the {B}attle of {M}arathon to the {C}onquests of {A}lexander the {G}reat},
	publisher={ABC-CLIO},
	author={Brice, Lee L.}, 
	year={2012}
}

@misc{cartright_2016, 
	title={{P}ersian {W}ars}, 
	url={http://www.ancient.eu/Persian_Wars/}, 
	journal={Ancient History Encyclopedia}, 
	author={Cartright, Mark}, 
	year={2016},
	month={Apr}
}

@misc{encyc_brit_persianWars_2015,
	 title={{G}reco-{P}ersian {W}ars}, 
	 url={https://www.britannica.com/event/Greco-Persian-Wars}, 
	 journal={Encyclop\ae dia Britannica}, 
	 publisher={Encyclop√¶dia Britannica, inc.},
	 author={The Editors of Encyclop\ae dia Britannica}, 
	 year={2015}, 
	 month={Nov}
}

@misc{haskew_2006, 
	title={{G}reco-{P}ersian {W}ars: {X}erxes' {I}nvasion}, 
	url={http://www.historynet.com/greco-persian-wars-xerxes-invasion.htm},
	journal={HistoryNet},
	author={Haskew, Michael E}, 
	year={2006}, 
	month={June}
}

@book{morris_powell_2010, 
	place={Boston (Mass.)}, 
	title={{T}he {G}reeks: {H}istory, {C}ulture, and {S}ociety}, 
	publisher={Prentice Hall}, 
	author={Morris, Ian and Powell, Barry B.}, 
	year={2010}
}

@misc{kim_homerdark_2017, 
	place={Melbourne}, 
	title={'{D}ark {A}ges', {H}omer, {G}reece and the {N}ear {E}ast}, 
	journal={Ancient Greece: History and Archaeology}, 
	publisher={Old Arts, University of Melbourne}, 
	author={Kim, Hyun Jin}, 
	year={2017}, 
	month={Apr}
}

@misc{kim_grecopersia_2017, 
	place={Melbourne}, 
	title={{G}reece and the {P}ersian {E}mpire}, 
	journal={Ancient Greece: History and Archaeology}, 
	publisher={Old Arts, University of Melbourne}, 
	author={Kim, Hyun Jin}, 
	year={2017}, 
	month={May}
}

@book{herodotus_1920, 
	place={Cambridge}, 
	title={The Histories}, 
	publisher={Harvard University Press}, 
	author={Herodotus}, 
	year={1920}
}

@book{diodorus_1957, 
	place={London}, 
	title={The {B}ibliotheca {H}istorica}, 
	publisher={Published for the Early English Text Society by Oxford University Press}, 
	author={Diodorus and Skelton, John and Salter, F. M. and Edwards, H. L. R.}, 
	year={1957}
}